@book{texbook,
	author = {C. Jotin Khisty, B. Kent Lall},
	year = {2003},
	title = {Transportation Engineering: An Introduction},
	publisher = {Pearson Education Inc.},
	edition = {3}
}

@book{freight,
	author = {Tolga Bektas},
	year = {2017},
	title = {Freight Transport and Distribution},
	publisher = {CRC Press}
}

@book{accidentStudies,
	author = {Dr. Tom V. Mathew},
	year = {2014},
	title = {Transportation Systems Engineering},
	publisher = {IIT Bombay}
}

@book{or1,
	author = {JK Sharma},
	year = {2016},
	title = {Operations Research: Theory and Applications},
	publisher = {Trinity Press},
	edition = {6}
}

@book{or2,
	author = {Hamdy A. Taha},
	year = {2017},
	title = {Operations Research: An Introduction},
	publisher = {Pearson Education Inc.},
	edition = {10}
}

@book{or3,
	author = {P. Rama Murthy},
	year = {2007},
	title = {Operations Research},
	publisher = {New Age International Publishers},
	edition = {2}
}

@book{env,
	author = {Michael P. Walsh},
	year = {2000},
	title = {Vehicle Emission Reductions},
	publisher = {European Conference of Ministers of Transport (ECMT)},
}

@book{eco,
	author = {N. Gregory Mankiw},
	year = {2018},
	title = {Principles of Economics},
	publisher = {CENGAGE Learning},
	edition = {8}
}

@book{ch4,
	author = {George E. Rejda, Michael J. McNamara},
	year = {2017},
	title = {Principles of Risk Management and Insurance},
	publisher = {Pearson Education Inc.},
	edition = {13}
}

@book{ch5,
	author = {Dusan Teodorovic, Milan Janic},
	year = {2017},
	title = {Transportation Engineering: Theory, Practice, and Modelling},
	publisher = {Elsevier Inc.},
}

@book{ch1,
	author = {Nicholas J. Garber, Lester A. Hoel},
	year = {2009},
	title = {Traffic and Highway Engineering},
	publisher = {CENGAGE Learning},
	edition = {4}
}

@article{ira,
	title={Insurance Regulation},
	journal={Insurance Act, 2049},
	year={1993},
	publisher = {Nepal Government}
}

@book{transportationEco,
	author = {Kumares C. Sinha, Samuel Labi},
	year = {2007},
	title = {Transportation decision making : principles of project evaluation and
programming},
	publisher = {John Wiley & Sons, Inc.}
}